@manual{easybmp:16,
	month = {December},
	note = {(Page 16)},
	author = {Paul Macklin},
	title = {EasyBMP User Manual (Version 1.06)},
	year = {2006},
}

